@misc{hashes,
  author = "Rakesh Bobba",
  title = "Hash Functions and MAC",
  organization = "College of Electrical and Computer Engineering, Oregon State University",
  year = 2018
}

@WEB{SHA,
  title = "Hash Functions"
  publisher = "National Institute of Standards and Technology"
  url = "https://csrc.nist.gov/projects/hash-functions"
  year = "2018"
}

@WEB{murmur,
  author = "Adam Horvath"
  title = "MurMurHash3, an ultra fast hash algorithm for C# / .NET"
  url = "http://blog.teamleadnet.com/2012/08/murmurhash3-ultra-fast-hash-algorithm.html"
  year = "2012"
}

@misc{ciphers,
  author = "Rakesh Bobba",
  title = "Symmetric Encryption",
  organization = "College of Electrical and Computer Engineering, Oregon State University",
  year = 2018
}

@WEB{tcp,
  author = "Margaret Rouse"
  title = "TCP (Transmission Control Protocol)"
  publisher = "TechTarget"
  url = "https://searchnetworking.techtarget.com/definition/TCP"
  year = "2014"
}

@WEB{udp,
  author = "Margaret Rouse"
  title = "UDP (User Datagram Protocol)"
  publisher = "TechTarget"
  url = "https://searchnetworking.techtarget.com/definition/UDP-User-Datagram-Protocol"
  year = "2018"
}

@WEB{http,
  title = "An overview of HTTP"
  publisher = "Mozilla"
  url = "https://developer.mozilla.org/en-US/docs/Web/HTTP/Overview"
  year = "2018"
}