@misc{khedkar,
  title={Real Time Databases for Applications},
  author={Khedkar, Sonam and Thube, Swapnil},
  year={2017}
}
@misc{dbengines,
    title={System Properties Comparison Firebase Realtime Database vs. MongoDB vs. MySQL},
    author={DB-Engines},
    year={2018}
}
@online{youtube,
        title = {Firebase vs MongoDB vs MySQL},
        date = {2017},
        organization = {Youtube},
        author = {David Connelly},
        url = {https://www.youtube.com/watch?v=ch1kcFWy89k},
}
@article{nurseitov2009comparison,
  title={Comparison of JSON and XML data interchange formats: a case study.},
  author={Nurseitov, Nurzhan and Paulson, Michael and Reynolds, Randall and Izurieta, Clemente},
  journal={Caine},
  volume={9},
  pages={157--162},
  year={2009}
}
@misc{JSONvsXML,
    title={JSON vs XML},
    author={RestfulAPI},
    year={2018}
}